@misc{r1,
	howpublished = {https://github.com}
}

@misc{r2,
	howpublished = {https://bitbucket.com}
}

@misc{r3,
	howpublished = {https://www.upguard.com/articles/github-vs-bitbucket}
}

@misc{r4,
	howpublished = {https://gist.github.com/foogit/8410710}
}

@misc{r5,
	howpublished = {https://blog.takipi.com/bitbucket-vs-github-its-more-than-just-features/}
}

@misc{r6,
	howpublished = {https://en.wikipedia.org/wiki/Bitbucket}
}

@misc{r7,
	howpublished = {https://en.wikipedia.org/wiki/GitHub}
}

@misc{r8,
	howpublished = {https://www.worthofweb.com/}
}